%YAML 1.1
%TAG !u! tag:unity3d.com,2011:
--- !u!29 &1
SceneSettings:
  m_ObjectHideFlags: 0
  m_PVSData: 
  m_PVSObjectsArray: []
  m_PVSPortalsArray: []
  m_OcclusionBakeSettings:
    smallestOccluder: 5
    smallestHole: 0.25
    backfaceThreshold: 100
--- !u!104 &2
RenderSettings:
  m_ObjectHideFlags: 0
  serializedVersion: 6
  m_Fog: 0
  m_FogColor: {r: 0.5, g: 0.5, b: 0.5, a: 1}
  m_FogMode: 3
  m_FogDensity: 0.01
  m_LinearFogStart: 0
  m_LinearFogEnd: 300
  m_AmbientSkyColor: {r: 0.212, g: 0.227, b: 0.259, a: 1}
  m_AmbientEquatorColor: {r: 0.114, g: 0.125, b: 0.133, a: 1}
  m_AmbientGroundColor: {r: 0.047, g: 0.043, b: 0.035, a: 1}
  m_AmbientIntensity: 1
  m_AmbientMode: 0
  m_SkyboxMaterial: {fileID: 10304, guid: 0000000000000000f000000000000000, type: 0}
  m_HaloStrength: 0.5
  m_FlareStrength: 1
  m_FlareFadeSpeed: 3
  m_HaloTexture: {fileID: 0}
  m_SpotCookie: {fileID: 10001, guid: 0000000000000000e000000000000000, type: 0}
  m_DefaultReflectionMode: 0
  m_DefaultReflectionResolution: 128
  m_ReflectionBounces: 1
  m_ReflectionIntensity: 1
  m_CustomReflection: {fileID: 0}
  m_Sun: {fileID: 0}
--- !u!157 &3
LightmapSettings:
  m_ObjectHideFlags: 0
  serializedVersion: 6
  m_GIWorkflowMode: 1
  m_LightmapsMode: 1
  m_GISettings:
    serializedVersion: 2
    m_BounceScale: 1
    m_IndirectOutputScale: 1
    m_AlbedoBoost: 1
    m_TemporalCoherenceThreshold: 1
    m_EnvironmentLightingMode: 0
    m_EnableBakedLightmaps: 1
    m_EnableRealtimeLightmaps: 1
  m_LightmapEditorSettings:
    serializedVersion: 3
    m_Resolution: 2
    m_BakeResolution: 40
    m_TextureWidth: 1024
    m_TextureHeight: 1024
    m_AOMaxDistance: 1
    m_Padding: 2
    m_CompAOExponent: 0
    m_LightmapParameters: {fileID: 0}
    m_TextureCompression: 1
    m_FinalGather: 0
    m_FinalGatherRayCount: 1024
    m_ReflectionCompression: 2
  m_LightingDataAsset: {fileID: 112000001, guid: 456400efb50d84419b71eb216bec4f5c,
    type: 2}
  m_RuntimeCPUUsage: 25
--- !u!196 &4
NavMeshSettings:
  serializedVersion: 2
  m_ObjectHideFlags: 0
  m_BuildSettings:
    serializedVersion: 2
    agentRadius: 0.5
    agentHeight: 2
    agentSlope: 45
    agentClimb: 0.4
    ledgeDropHeight: 0
    maxJumpAcrossDistance: 0
    accuratePlacement: 0
    minRegionArea: 2
    cellSize: 0.16666667
    manualCellSize: 0
  m_NavMeshData: {fileID: 0}
--- !u!1 &74930635
GameObject:
  m_ObjectHideFlags: 0
  m_PrefabParentObject: {fileID: 0}
  m_PrefabInternal: {fileID: 0}
  serializedVersion: 4
  m_Component:
  - 224: {fileID: 74930639}
  - 223: {fileID: 74930638}
  - 114: {fileID: 74930637}
  - 114: {fileID: 74930636}
  m_Layer: 5
  m_Name: HUDCanvas
  m_TagString: HUDcanvas
  m_Icon: {fileID: 0}
  m_NavMeshLayer: 0
  m_StaticEditorFlags: 0
  m_IsActive: 1
--- !u!114 &74930636
MonoBehaviour:
  m_ObjectHideFlags: 0
  m_PrefabParentObject: {fileID: 0}
  m_PrefabInternal: {fileID: 0}
  m_GameObject: {fileID: 74930635}
  m_Enabled: 1
  m_EditorHideFlags: 0
  m_Script: {fileID: 1301386320, guid: f5f67c52d1564df4a8936ccd202a3bd8, type: 3}
  m_Name: 
  m_EditorClassIdentifier: 
  m_IgnoreReversedGraphics: 1
  m_BlockingObjects: 0
  m_BlockingMask:
    serializedVersion: 2
    m_Bits: 4294967295
--- !u!114 &74930637
MonoBehaviour:
  m_ObjectHideFlags: 0
  m_PrefabParentObject: {fileID: 0}
  m_PrefabInternal: {fileID: 0}
  m_GameObject: {fileID: 74930635}
  m_Enabled: 1
  m_EditorHideFlags: 0
  m_Script: {fileID: 1980459831, guid: f5f67c52d1564df4a8936ccd202a3bd8, type: 3}
  m_Name: 
  m_EditorClassIdentifier: 
  m_UiScaleMode: 1
  m_ReferencePixelsPerUnit: 100
  m_ScaleFactor: 1
  m_ReferenceResolution: {x: 800, y: 600}
  m_ScreenMatchMode: 0
  m_MatchWidthOrHeight: 0.5
  m_PhysicalUnit: 3
  m_FallbackScreenDPI: 96
  m_DefaultSpriteDPI: 96
  m_DynamicPixelsPerUnit: 1
--- !u!223 &74930638
Canvas:
  m_ObjectHideFlags: 0
  m_PrefabParentObject: {fileID: 0}
  m_PrefabInternal: {fileID: 0}
  m_GameObject: {fileID: 74930635}
  m_Enabled: 1
  serializedVersion: 2
  m_RenderMode: 0
  m_Camera: {fileID: 0}
  m_PlaneDistance: 100
  m_PixelPerfect: 0
  m_ReceivesEvents: 1
  m_OverrideSorting: 0
  m_OverridePixelPerfect: 0
  m_SortingLayerID: 0
  m_SortingOrder: 0
  m_TargetDisplay: 0
--- !u!224 &74930639
RectTransform:
  m_ObjectHideFlags: 0
  m_PrefabParentObject: {fileID: 0}
  m_PrefabInternal: {fileID: 0}
  m_GameObject: {fileID: 74930635}
  m_LocalRotation: {x: 0, y: 0, z: 0, w: 1}
  m_LocalPosition: {x: 0, y: 0, z: 0}
  m_LocalScale: {x: 0, y: 0, z: 0}
  m_Children:
  - {fileID: 1305920373}
  - {fileID: 1855894280}
  - {fileID: 1804459601}
  m_Father: {fileID: 0}
  m_RootOrder: 3
  m_AnchorMin: {x: 0, y: 0}
  m_AnchorMax: {x: 0, y: 0}
  m_AnchoredPosition: {x: 0, y: 0}
  m_SizeDelta: {x: 0, y: 0}
  m_Pivot: {x: 0, y: 0}
--- !u!1 &108860688 stripped
GameObject:
  m_PrefabParentObject: {fileID: 100546, guid: 45970b991bd2ebc45ac4749ce444d54a, type: 3}
  m_PrefabInternal: {fileID: 599376842}
--- !u!65 &108860689
BoxCollider:
  m_ObjectHideFlags: 0
  m_PrefabParentObject: {fileID: 0}
  m_PrefabInternal: {fileID: 0}
  m_GameObject: {fileID: 108860688}
  m_Material: {fileID: 0}
  m_IsTrigger: 0
  m_Enabled: 1
  serializedVersion: 2
  m_Size: {x: 1, y: 1, z: 1}
  m_Center: {x: 0, y: 0, z: 0}
--- !u!1 &155855933
GameObject:
  m_ObjectHideFlags: 0
  m_PrefabParentObject: {fileID: 0}
  m_PrefabInternal: {fileID: 0}
  serializedVersion: 4
  m_Component:
  - 224: {fileID: 155855934}
  - 222: {fileID: 155855936}
  - 114: {fileID: 155855935}
  m_Layer: 5
  m_Name: Label_Dianas
  m_TagString: Untagged
  m_Icon: {fileID: 0}
  m_NavMeshLayer: 0
  m_StaticEditorFlags: 0
  m_IsActive: 1
--- !u!224 &155855934
RectTransform:
  m_ObjectHideFlags: 0
  m_PrefabParentObject: {fileID: 0}
  m_PrefabInternal: {fileID: 0}
  m_GameObject: {fileID: 155855933}
  m_LocalRotation: {x: 0, y: 0, z: 0, w: 1}
  m_LocalPosition: {x: 0, y: 0, z: 0}
  m_LocalScale: {x: 1, y: 1, z: 1}
  m_Children: []
  m_Father: {fileID: 1855894280}
  m_RootOrder: 0
  m_AnchorMin: {x: 0.5, y: 0.5}
  m_AnchorMax: {x: 0.5, y: 0.5}
  m_AnchoredPosition: {x: -42.00003, y: -0.24995422}
  m_SizeDelta: {x: 194, y: 60.5}
  m_Pivot: {x: 0.5, y: 0.5}
--- !u!114 &155855935
MonoBehaviour:
  m_ObjectHideFlags: 0
  m_PrefabParentObject: {fileID: 0}
  m_PrefabInternal: {fileID: 0}
  m_GameObject: {fileID: 155855933}
  m_Enabled: 1
  m_EditorHideFlags: 0
  m_Script: {fileID: 708705254, guid: f5f67c52d1564df4a8936ccd202a3bd8, type: 3}
  m_Name: 
  m_EditorClassIdentifier: 
  m_Material: {fileID: 0}
  m_Color: {r: 1, g: 0, b: 0, a: 1}
  m_RaycastTarget: 1
  m_OnCullStateChanged:
    m_PersistentCalls:
      m_Calls: []
    m_TypeName: UnityEngine.UI.MaskableGraphic+CullStateChangedEvent, UnityEngine.UI,
      Version=1.0.0.0, Culture=neutral, PublicKeyToken=null
  m_FontData:
    m_Font: {fileID: 10102, guid: 0000000000000000e000000000000000, type: 0}
    m_FontSize: 30
    m_FontStyle: 0
    m_BestFit: 0
    m_MinSize: 10
    m_MaxSize: 44
    m_Alignment: 0
    m_AlignByGeometry: 0
    m_RichText: 1
    m_HorizontalOverflow: 0
    m_VerticalOverflow: 0
    m_LineSpacing: 1
  m_Text: Dianas
--- !u!222 &155855936
CanvasRenderer:
  m_ObjectHideFlags: 0
  m_PrefabParentObject: {fileID: 0}
  m_PrefabInternal: {fileID: 0}
  m_GameObject: {fileID: 155855933}
--- !u!1 &227379071
GameObject:
  m_ObjectHideFlags: 0
  m_PrefabParentObject: {fileID: 100036, guid: 7c5da8c0bd27488448c436c24d3ab5be, type: 3}
  m_PrefabInternal: {fileID: 0}
  serializedVersion: 4
  m_Component:
  - 4: {fileID: 227379072}
  - 33: {fileID: 227379074}
  - 23: {fileID: 227379073}
  m_Layer: 0
  m_Name: mctanktreads
  m_TagString: Untagged
  m_Icon: {fileID: 0}
  m_NavMeshLayer: 0
  m_StaticEditorFlags: 0
  m_IsActive: 1
--- !u!4 &227379072
Transform:
  m_ObjectHideFlags: 0
  m_PrefabParentObject: {fileID: 400036, guid: 7c5da8c0bd27488448c436c24d3ab5be, type: 3}
  m_PrefabInternal: {fileID: 0}
  m_GameObject: {fileID: 227379071}
  m_LocalRotation: {x: 0.000000015454306, y: 0.7071069, z: -0.000000015454312, w: 0.70710665}
  m_LocalPosition: {x: -0.36790463, y: 0.16141479, z: 0.054794263}
  m_LocalScale: {x: 1, y: 1, z: 1}
  m_Children: []
  m_Father: {fileID: 1589542641}
  m_RootOrder: 0
--- !u!23 &227379073
MeshRenderer:
  m_ObjectHideFlags: 0
  m_PrefabParentObject: {fileID: 2300002, guid: 7c5da8c0bd27488448c436c24d3ab5be,
    type: 3}
  m_PrefabInternal: {fileID: 0}
  m_GameObject: {fileID: 227379071}
  m_Enabled: 1
  m_CastShadows: 1
  m_ReceiveShadows: 1
  m_Materials:
  - {fileID: 2100000, guid: cbd33618261de9841b175851e3d8dcad, type: 2}
  m_SubsetIndices: 
  m_StaticBatchRoot: {fileID: 0}
  m_UseLightProbes: 1
  m_ReflectionProbeUsage: 1
  m_ProbeAnchor: {fileID: 0}
  m_ScaleInLightmap: 1
  m_PreserveUVs: 0
  m_IgnoreNormalsForChartDetection: 0
  m_ImportantGI: 0
  m_MinimumChartSize: 4
  m_AutoUVMaxDistance: 0.5
  m_AutoUVMaxAngle: 89
  m_LightmapParameters: {fileID: 0}
  m_SortingLayerID: 0
  m_SortingOrder: 0
--- !u!33 &227379074
MeshFilter:
  m_ObjectHideFlags: 0
  m_PrefabParentObject: {fileID: 3300002, guid: 7c5da8c0bd27488448c436c24d3ab5be,
    type: 3}
  m_PrefabInternal: {fileID: 0}
  m_GameObject: {fileID: 227379071}
  m_Mesh: {fileID: 4300002, guid: 7c5da8c0bd27488448c436c24d3ab5be, type: 3}
--- !u!1 &508661588
GameObject:
  m_ObjectHideFlags: 0
  m_PrefabParentObject: {fileID: 0}
  m_PrefabInternal: {fileID: 0}
  serializedVersion: 4
  m_Component:
  - 4: {fileID: 508661593}
  - 20: {fileID: 508661592}
  - 92: {fileID: 508661591}
  - 124: {fileID: 508661590}
  - 81: {fileID: 508661589}
  - 114: {fileID: 508661594}
  m_Layer: 0
  m_Name: Main Camera
  m_TagString: MainCamera
  m_Icon: {fileID: 0}
  m_NavMeshLayer: 0
  m_StaticEditorFlags: 0
  m_IsActive: 1
--- !u!81 &508661589
AudioListener:
  m_ObjectHideFlags: 0
  m_PrefabParentObject: {fileID: 0}
  m_PrefabInternal: {fileID: 0}
  m_GameObject: {fileID: 508661588}
  m_Enabled: 1
--- !u!124 &508661590
Behaviour:
  m_ObjectHideFlags: 0
  m_PrefabParentObject: {fileID: 0}
  m_PrefabInternal: {fileID: 0}
  m_GameObject: {fileID: 508661588}
  m_Enabled: 1
--- !u!92 &508661591
Behaviour:
  m_ObjectHideFlags: 0
  m_PrefabParentObject: {fileID: 0}
  m_PrefabInternal: {fileID: 0}
  m_GameObject: {fileID: 508661588}
  m_Enabled: 1
--- !u!20 &508661592
Camera:
  m_ObjectHideFlags: 0
  m_PrefabParentObject: {fileID: 0}
  m_PrefabInternal: {fileID: 0}
  m_GameObject: {fileID: 508661588}
  m_Enabled: 1
  serializedVersion: 2
  m_ClearFlags: 1
  m_BackGroundColor: {r: 0.19215687, g: 0.3019608, b: 0.4745098, a: 0.019607844}
  m_NormalizedViewPortRect:
    serializedVersion: 2
    x: 0
    y: 0
    width: 1
    height: 1
  near clip plane: 0.3
  far clip plane: 1000
  field of view: 81
  orthographic: 0
  orthographic size: 5
  m_Depth: -1
  m_CullingMask:
    serializedVersion: 2
    m_Bits: 4294967295
  m_RenderingPath: -1
  m_TargetTexture: {fileID: 0}
  m_TargetDisplay: 0
  m_TargetEye: 3
  m_HDR: 0
  m_OcclusionCulling: 1
  m_StereoConvergence: 10
  m_StereoSeparation: 0.022
  m_StereoMirrorMode: 0
--- !u!4 &508661593
Transform:
  m_ObjectHideFlags: 0
  m_PrefabParentObject: {fileID: 0}
  m_PrefabInternal: {fileID: 0}
  m_GameObject: {fileID: 508661588}
  m_LocalRotation: {x: 0.020829588, y: 0, z: 0, w: 0.9997831}
  m_LocalPosition: {x: 0.05, y: 1.2, z: -3.04}
  m_LocalScale: {x: 1, y: 1, z: 1}
  m_Children: []
  m_Father: {fileID: 1589542641}
  m_RootOrder: 4
--- !u!114 &508661594
MonoBehaviour:
  m_ObjectHideFlags: 0
  m_PrefabParentObject: {fileID: 0}
  m_PrefabInternal: {fileID: 0}
  m_GameObject: {fileID: 508661588}
  m_Enabled: 1
  m_EditorHideFlags: 0
  m_Script: {fileID: 11500000, guid: 2f57328c42cf56d45aea1a6f304aa193, type: 3}
  m_Name: 
  m_EditorClassIdentifier: 
  gameManager: {fileID: 112268, guid: 64b0bec66011d4f4e87c1a2c444b0c6a, type: 2}
--- !u!1 &543765628
GameObject:
  m_ObjectHideFlags: 0
  m_PrefabParentObject: {fileID: 100038, guid: 7c5da8c0bd27488448c436c24d3ab5be, type: 3}
  m_PrefabInternal: {fileID: 0}
  serializedVersion: 4
  m_Component:
  - 4: {fileID: 543765629}
  - 33: {fileID: 543765631}
  - 23: {fileID: 543765630}
  m_Layer: 0
  m_Name: mctanktreads
  m_TagString: Untagged
  m_Icon: {fileID: 0}
  m_NavMeshLayer: 0
  m_StaticEditorFlags: 0
  m_IsActive: 1
--- !u!4 &543765629
Transform:
  m_ObjectHideFlags: 0
  m_PrefabParentObject: {fileID: 400038, guid: 7c5da8c0bd27488448c436c24d3ab5be, type: 3}
  m_PrefabInternal: {fileID: 0}
  m_GameObject: {fileID: 543765628}
  m_LocalRotation: {x: 0.7071066, y: 0.000000004216088, z: 0.70710695, w: -0.000000004216076}
  m_LocalPosition: {x: 0.43862912, y: 0.16141479, z: 0.05479436}
  m_LocalScale: {x: -1, y: -1, z: -1}
  m_Children: []
  m_Father: {fileID: 1589542641}
  m_RootOrder: 1
--- !u!23 &543765630
MeshRenderer:
  m_ObjectHideFlags: 0
  m_PrefabParentObject: {fileID: 2300004, guid: 7c5da8c0bd27488448c436c24d3ab5be,
    type: 3}
  m_PrefabInternal: {fileID: 0}
  m_GameObject: {fileID: 543765628}
  m_Enabled: 1
  m_CastShadows: 1
  m_ReceiveShadows: 1
  m_Materials:
  - {fileID: 2100000, guid: cbd33618261de9841b175851e3d8dcad, type: 2}
  m_SubsetIndices: 
  m_StaticBatchRoot: {fileID: 0}
  m_UseLightProbes: 1
  m_ReflectionProbeUsage: 1
  m_ProbeAnchor: {fileID: 0}
  m_ScaleInLightmap: 1
  m_PreserveUVs: 0
  m_IgnoreNormalsForChartDetection: 0
  m_ImportantGI: 0
  m_MinimumChartSize: 4
  m_AutoUVMaxDistance: 0.5
  m_AutoUVMaxAngle: 89
  m_LightmapParameters: {fileID: 0}
  m_SortingLayerID: 0
  m_SortingOrder: 0
--- !u!33 &543765631
MeshFilter:
  m_ObjectHideFlags: 0
  m_PrefabParentObject: {fileID: 3300004, guid: 7c5da8c0bd27488448c436c24d3ab5be,
    type: 3}
  m_PrefabInternal: {fileID: 0}
  m_GameObject: {fileID: 543765628}
  m_Mesh: {fileID: 4300004, guid: 7c5da8c0bd27488448c436c24d3ab5be, type: 3}
--- !u!1001 &599376842
Prefab:
  m_ObjectHideFlags: 0
  serializedVersion: 2
  m_Modification:
    m_TransformParent: {fileID: 0}
    m_Modifications:
    - target: {fileID: 400546, guid: 45970b991bd2ebc45ac4749ce444d54a, type: 3}
      propertyPath: m_LocalPosition.x
      value: 277.9
      objectReference: {fileID: 0}
    - target: {fileID: 400546, guid: 45970b991bd2ebc45ac4749ce444d54a, type: 3}
      propertyPath: m_LocalPosition.y
      value: -2.4
      objectReference: {fileID: 0}
    - target: {fileID: 400546, guid: 45970b991bd2ebc45ac4749ce444d54a, type: 3}
      propertyPath: m_LocalPosition.z
      value: 60
      objectReference: {fileID: 0}
    - target: {fileID: 400546, guid: 45970b991bd2ebc45ac4749ce444d54a, type: 3}
      propertyPath: m_LocalRotation.x
      value: 0.000000021855694
      objectReference: {fileID: 0}
    - target: {fileID: 400546, guid: 45970b991bd2ebc45ac4749ce444d54a, type: 3}
      propertyPath: m_LocalRotation.y
      value: 0
      objectReference: {fileID: 0}
    - target: {fileID: 400546, guid: 45970b991bd2ebc45ac4749ce444d54a, type: 3}
      propertyPath: m_LocalRotation.z
      value: -0
      objectReference: {fileID: 0}
    - target: {fileID: 400546, guid: 45970b991bd2ebc45ac4749ce444d54a, type: 3}
      propertyPath: m_LocalRotation.w
      value: 1
      objectReference: {fileID: 0}
    - target: {fileID: 400546, guid: 45970b991bd2ebc45ac4749ce444d54a, type: 3}
      propertyPath: m_RootOrder
      value: 12
      objectReference: {fileID: 0}
    - target: {fileID: 401818, guid: 45970b991bd2ebc45ac4749ce444d54a, type: 3}
      propertyPath: m_LocalRotation.x
      value: -0.6437874
      objectReference: {fileID: 0}
    - target: {fileID: 401818, guid: 45970b991bd2ebc45ac4749ce444d54a, type: 3}
      propertyPath: m_LocalRotation.y
      value: 0.64654803
      objectReference: {fileID: 0}
    - target: {fileID: 401818, guid: 45970b991bd2ebc45ac4749ce444d54a, type: 3}
      propertyPath: m_LocalRotation.z
      value: 0.23723805
      objectReference: {fileID: 0}
    - target: {fileID: 401818, guid: 45970b991bd2ebc45ac4749ce444d54a, type: 3}
      propertyPath: m_LocalRotation.w
      value: 0.33351418
      objectReference: {fileID: 0}
    - target: {fileID: 401794, guid: 45970b991bd2ebc45ac4749ce444d54a, type: 3}
      propertyPath: m_LocalRotation.x
      value: -0.23237829
      objectReference: {fileID: 0}
    - target: {fileID: 401794, guid: 45970b991bd2ebc45ac4749ce444d54a, type: 3}
      propertyPath: m_LocalRotation.y
      value: 0.6868016
      objectReference: {fileID: 0}
    - target: {fileID: 401794, guid: 45970b991bd2ebc45ac4749ce444d54a, type: 3}
      propertyPath: m_LocalRotation.z
      value: 0.68843293
      objectReference: {fileID: 0}
    - target: {fileID: 401794, guid: 45970b991bd2ebc45ac4749ce444d54a, type: 3}
      propertyPath: m_LocalRotation.w
      value: -0.019082665
      objectReference: {fileID: 0}
    - target: {fileID: 401792, guid: 45970b991bd2ebc45ac4749ce444d54a, type: 3}
      propertyPath: m_LocalRotation.x
      value: -0.40015367
      objectReference: {fileID: 0}
    - target: {fileID: 401792, guid: 45970b991bd2ebc45ac4749ce444d54a, type: 3}
      propertyPath: m_LocalRotation.y
      value: 0.6216373
      objectReference: {fileID: 0}
    - target: {fileID: 401792, guid: 45970b991bd2ebc45ac4749ce444d54a, type: 3}
      propertyPath: m_LocalRotation.z
      value: 0.6658765
      objectReference: {fileID: 0}
    - target: {fileID: 401792, guid: 45970b991bd2ebc45ac4749ce444d54a, type: 3}
      propertyPath: m_LocalRotation.w
      value: -0.100263484
      objectReference: {fileID: 0}
    - target: {fileID: 401740, guid: 45970b991bd2ebc45ac4749ce444d54a, type: 3}
      propertyPath: m_LocalRotation.x
      value: -0.2098297
      objectReference: {fileID: 0}
    - target: {fileID: 401740, guid: 45970b991bd2ebc45ac4749ce444d54a, type: 3}
      propertyPath: m_LocalRotation.y
      value: 0.64292663
      objectReference: {fileID: 0}
    - target: {fileID: 401740, guid: 45970b991bd2ebc45ac4749ce444d54a, type: 3}
      propertyPath: m_LocalRotation.z
      value: 0.634071
      objectReference: {fileID: 0}
    - target: {fileID: 401740, guid: 45970b991bd2ebc45ac4749ce444d54a, type: 3}
      propertyPath: m_LocalRotation.w
      value: 0.3749279
      objectReference: {fileID: 0}
    - target: {fileID: 401712, guid: 45970b991bd2ebc45ac4749ce444d54a, type: 3}
      propertyPath: m_LocalRotation.x
      value: -0.5988975
      objectReference: {fileID: 0}
    - target: {fileID: 401712, guid: 45970b991bd2ebc45ac4749ce444d54a, type: 3}
      propertyPath: m_LocalRotation.y
      value: 0.38383558
      objectReference: {fileID: 0}
    - target: {fileID: 401712, guid: 45970b991bd2ebc45ac4749ce444d54a, type: 3}
      propertyPath: m_LocalRotation.z
      value: 0.67168015
      objectReference: {fileID: 0}
    - target: {fileID: 401712, guid: 45970b991bd2ebc45ac4749ce444d54a, type: 3}
      propertyPath: m_LocalRotation.w
      value: 0.20697325
      objectReference: {fileID: 0}
    - target: {fileID: 401698, guid: 45970b991bd2ebc45ac4749ce444d54a, type: 3}
      propertyPath: m_LocalRotation.x
      value: 0.7408464
      objectReference: {fileID: 0}
    - target: {fileID: 401698, guid: 45970b991bd2ebc45ac4749ce444d54a, type: 3}
      propertyPath: m_LocalRotation.y
      value: -0.5324453
      objectReference: {fileID: 0}
    - target: {fileID: 401698, guid: 45970b991bd2ebc45ac4749ce444d54a, type: 3}
      propertyPath: m_LocalRotation.z
      value: -0.2428
      objectReference: {fileID: 0}
    - target: {fileID: 401698, guid: 45970b991bd2ebc45ac4749ce444d54a, type: 3}
      propertyPath: m_LocalRotation.w
      value: -0.32969213
      objectReference: {fileID: 0}
    - target: {fileID: 401660, guid: 45970b991bd2ebc45ac4749ce444d54a, type: 3}
      propertyPath: m_LocalRotation.x
      value: 0.35222846
      objectReference: {fileID: 0}
    - target: {fileID: 401660, guid: 45970b991bd2ebc45ac4749ce444d54a, type: 3}
      propertyPath: m_LocalRotation.y
      value: 0.52822256
      objectReference: {fileID: 0}
    - target: {fileID: 401660, guid: 45970b991bd2ebc45ac4749ce444d54a, type: 3}
      propertyPath: m_LocalRotation.z
      value: 0.6972557
      objectReference: {fileID: 0}
    - target: {fileID: 401660, guid: 45970b991bd2ebc45ac4749ce444d54a, type: 3}
      propertyPath: m_LocalRotation.w
      value: -0.33279234
      objectReference: {fileID: 0}
    - target: {fileID: 401566, guid: 45970b991bd2ebc45ac4749ce444d54a, type: 3}
      propertyPath: m_LocalRotation.x
      value: -0.20010917
      objectReference: {fileID: 0}
    - target: {fileID: 401566, guid: 45970b991bd2ebc45ac4749ce444d54a, type: 3}
      propertyPath: m_LocalRotation.y
      value: 0.7377121
      objectReference: {fileID: 0}
    - target: {fileID: 401566, guid: 45970b991bd2ebc45ac4749ce444d54a, type: 3}
      propertyPath: m_LocalRotation.z
      value: 0.50416976
      objectReference: {fileID: 0}
    - target: {fileID: 401566, guid: 45970b991bd2ebc45ac4749ce444d54a, type: 3}
      propertyPath: m_LocalRotation.w
      value: 0.4019331
      objectReference: {fileID: 0}
    - target: {fileID: 401502, guid: 45970b991bd2ebc45ac4749ce444d54a, type: 3}
      propertyPath: m_LocalRotation.x
      value: 0.17079395
      objectReference: {fileID: 0}
    - target: {fileID: 401502, guid: 45970b991bd2ebc45ac4749ce444d54a, type: 3}
      propertyPath: m_LocalRotation.y
      value: -0.5807199
      objectReference: {fileID: 0}
    - target: {fileID: 401502, guid: 45970b991bd2ebc45ac4749ce444d54a, type: 3}
      propertyPath: m_LocalRotation.z
      value: 0.7863832
      objectReference: {fileID: 0}
    - target: {fileID: 401502, guid: 45970b991bd2ebc45ac4749ce444d54a, type: 3}
      propertyPath: m_LocalRotation.w
      value: 0.123269334
      objectReference: {fileID: 0}
    - target: {fileID: 401458, guid: 45970b991bd2ebc45ac4749ce444d54a, type: 3}
      propertyPath: m_LocalRotation.x
      value: 0.77364355
      objectReference: {fileID: 0}
    - target: {fileID: 401458, guid: 45970b991bd2ebc45ac4749ce444d54a, type: 3}
      propertyPath: m_LocalRotation.y
      value: -0.24179818
      objectReference: {fileID: 0}
    - target: {fileID: 401458, guid: 45970b991bd2ebc45ac4749ce444d54a, type: 3}
      propertyPath: m_LocalRotation.z
      value: -0.58095974
      objectReference: {fileID: 0}
    - target: {fileID: 401458, guid: 45970b991bd2ebc45ac4749ce444d54a, type: 3}
      propertyPath: m_LocalRotation.w
      value: -0.07412934
      objectReference: {fileID: 0}
    - target: {fileID: 401328, guid: 45970b991bd2ebc45ac4749ce444d54a, type: 3}
      propertyPath: m_LocalRotation.x
      value: -0.1763592
      objectReference: {fileID: 0}
    - target: {fileID: 401328, guid: 45970b991bd2ebc45ac4749ce444d54a, type: 3}
      propertyPath: m_LocalRotation.y
      value: 0.82935125
      objectReference: {fileID: 0}
    - target: {fileID: 401328, guid: 45970b991bd2ebc45ac4749ce444d54a, type: 3}
      propertyPath: m_LocalRotation.z
      value: 0.06884108
      objectReference: {fileID: 0}
    - target: {fileID: 401328, guid: 45970b991bd2ebc45ac4749ce444d54a, type: 3}
      propertyPath: m_LocalRotation.w
      value: 0.52567565
      objectReference: {fileID: 0}
    - target: {fileID: 401296, guid: 45970b991bd2ebc45ac4749ce444d54a, type: 3}
      propertyPath: m_LocalRotation.x
      value: -0.68634415
      objectReference: {fileID: 0}
    - target: {fileID: 401296, guid: 45970b991bd2ebc45ac4749ce444d54a, type: 3}
      propertyPath: m_LocalRotation.y
      value: 0.19314413
      objectReference: {fileID: 0}
    - target: {fileID: 401296, guid: 45970b991bd2ebc45ac4749ce444d54a, type: 3}
      propertyPath: m_LocalRotation.z
      value: -0.38051116
      objectReference: {fileID: 0}
    - target: {fileID: 401296, guid: 45970b991bd2ebc45ac4749ce444d54a, type: 3}
      propertyPath: m_LocalRotation.w
      value: 0.5889299
      objectReference: {fileID: 0}
    - target: {fileID: 401192, guid: 45970b991bd2ebc45ac4749ce444d54a, type: 3}
      propertyPath: m_LocalRotation.x
      value: 0.5334683
      objectReference: {fileID: 0}
    - target: {fileID: 401192, guid: 45970b991bd2ebc45ac4749ce444d54a, type: 3}
      propertyPath: m_LocalRotation.y
      value: 0.54414254
      objectReference: {fileID: 0}
    - target: {fileID: 401192, guid: 45970b991bd2ebc45ac4749ce444d54a, type: 3}
      propertyPath: m_LocalRotation.z
      value: 0.60080093
      objectReference: {fileID: 0}
    - target: {fileID: 401192, guid: 45970b991bd2ebc45ac4749ce444d54a, type: 3}
      propertyPath: m_LocalRotation.w
      value: 0.24157579
      objectReference: {fileID: 0}
    - target: {fileID: 401168, guid: 45970b991bd2ebc45ac4749ce444d54a, type: 3}
      propertyPath: m_LocalRotation.x
      value: 0.5951492
      objectReference: {fileID: 0}
    - target: {fileID: 401168, guid: 45970b991bd2ebc45ac4749ce444d54a, type: 3}
      propertyPath: m_LocalRotation.y
      value: 0.6152302
      objectReference: {fileID: 0}
    - target: {fileID: 401168, guid: 45970b991bd2ebc45ac4749ce444d54a, type: 3}
      propertyPath: m_LocalRotation.z
      value: 0.25295344
      objectReference: {fileID: 0}
    - target: {fileID: 401168, guid: 45970b991bd2ebc45ac4749ce444d54a, type: 3}
      propertyPath: m_LocalRotation.w
      value: -0.45089233
      objectReference: {fileID: 0}
    - target: {fileID: 401160, guid: 45970b991bd2ebc45ac4749ce444d54a, type: 3}
      propertyPath: m_LocalRotation.x
      value: -0.51768255
      objectReference: {fileID: 0}
    - target: {fileID: 401160, guid: 45970b991bd2ebc45ac4749ce444d54a, type: 3}
      propertyPath: m_LocalRotation.y
      value: -0.6371688
      objectReference: {fileID: 0}
    - target: {fileID: 401160, guid: 45970b991bd2ebc45ac4749ce444d54a, type: 3}
      propertyPath: m_LocalRotation.z
      value: -0.14489055
      objectReference: {fileID: 0}
    - target: {fileID: 401160, guid: 45970b991bd2ebc45ac4749ce444d54a, type: 3}
      propertyPath: m_LocalRotation.w
      value: 0.552293
      objectReference: {fileID: 0}
    - target: {fileID: 401062, guid: 45970b991bd2ebc45ac4749ce444d54a, type: 3}
      propertyPath: m_LocalRotation.x
      value: -0.27008513
      objectReference: {fileID: 0}
    - target: {fileID: 401062, guid: 45970b991bd2ebc45ac4749ce444d54a, type: 3}
      propertyPath: m_LocalRotation.y
      value: 0.59466547
      objectReference: {fileID: 0}
    - target: {fileID: 401062, guid: 45970b991bd2ebc45ac4749ce444d54a, type: 3}
      propertyPath: m_LocalRotation.z
      value: 0.7485145
      objectReference: {fileID: 0}
    - target: {fileID: 401062, guid: 45970b991bd2ebc45ac4749ce444d54a, type: 3}
      propertyPath: m_LocalRotation.w
      value: 0.114687726
      objectReference: {fileID: 0}
    - target: {fileID: 400758, guid: 45970b991bd2ebc45ac4749ce444d54a, type: 3}
      propertyPath: m_LocalRotation.x
      value: 0.668954
      objectReference: {fileID: 0}
    - target: {fileID: 400758, guid: 45970b991bd2ebc45ac4749ce444d54a, type: 3}
      propertyPath: m_LocalRotation.y
      value: 0.5407779
      objectReference: {fileID: 0}
    - target: {fileID: 400758, guid: 45970b991bd2ebc45ac4749ce444d54a, type: 3}
      propertyPath: m_LocalRotation.z
      value: 0.44922143
      objectReference: {fileID: 0}
    - target: {fileID: 400758, guid: 45970b991bd2ebc45ac4749ce444d54a, type: 3}
      propertyPath: m_LocalRotation.w
      value: -0.24137105
      objectReference: {fileID: 0}
    - target: {fileID: 400700, guid: 45970b991bd2ebc45ac4749ce444d54a, type: 3}
      propertyPath: m_LocalRotation.x
      value: 0.7988084
      objectReference: {fileID: 0}
    - target: {fileID: 400700, guid: 45970b991bd2ebc45ac4749ce444d54a, type: 3}
      propertyPath: m_LocalRotation.y
      value: 0.21464969
      objectReference: {fileID: 0}
    - target: {fileID: 400700, guid: 45970b991bd2ebc45ac4749ce444d54a, type: 3}
      propertyPath: m_LocalRotation.z
      value: 0.54766345
      objectReference: {fileID: 0}
    - target: {fileID: 400700, guid: 45970b991bd2ebc45ac4749ce444d54a, type: 3}
      propertyPath: m_LocalRotation.w
      value: -0.12607712
      objectReference: {fileID: 0}
    - target: {fileID: 400674, guid: 45970b991bd2ebc45ac4749ce444d54a, type: 3}
      propertyPath: m_LocalRotation.x
      value: -0.5716206
      objectReference: {fileID: 0}
    - target: {fileID: 400674, guid: 45970b991bd2ebc45ac4749ce444d54a, type: 3}
      propertyPath: m_LocalRotation.y
      value: 0.5888653
      objectReference: {fileID: 0}
    - target: {fileID: 400674, guid: 45970b991bd2ebc45ac4749ce444d54a, type: 3}
      propertyPath: m_LocalRotation.z
      value: -0.037696347
      objectReference: {fileID: 0}
    - target: {fileID: 400674, guid: 45970b991bd2ebc45ac4749ce444d54a, type: 3}
      propertyPath: m_LocalRotation.w
      value: 0.57014626
      objectReference: {fileID: 0}
    - target: {fileID: 400546, guid: 45970b991bd2ebc45ac4749ce444d54a, type: 3}
      propertyPath: m_LocalScale.y
      value: 0.35530916
      objectReference: {fileID: 0}
    - target: {fileID: 400546, guid: 45970b991bd2ebc45ac4749ce444d54a, type: 3}
      propertyPath: m_LocalScale.x
      value: 0.0623822
      objectReference: {fileID: 0}
    - target: {fileID: 400546, guid: 45970b991bd2ebc45ac4749ce444d54a, type: 3}
      propertyPath: m_LocalScale.z
      value: 0.16424128
      objectReference: {fileID: 0}
    m_RemovedComponents: []
  m_ParentPrefab: {fileID: 100100000, guid: 45970b991bd2ebc45ac4749ce444d54a, type: 3}
  m_IsPrefabParent: 0
--- !u!1 &856664802
GameObject:
  m_ObjectHideFlags: 0
  m_PrefabParentObject: {fileID: 100050, guid: 7c5da8c0bd27488448c436c24d3ab5be, type: 3}
  m_PrefabInternal: {fileID: 0}
  serializedVersion: 4
  m_Component:
  - 4: {fileID: 856664803}
  - 33: {fileID: 856664805}
  - 23: {fileID: 856664804}
  m_Layer: 0
  m_Name: Body
  m_TagString: Untagged
  m_Icon: {fileID: 0}
  m_NavMeshLayer: 0
  m_StaticEditorFlags: 0
  m_IsActive: 1
--- !u!4 &856664803
Transform:
  m_ObjectHideFlags: 0
  m_PrefabParentObject: {fileID: 400050, guid: 7c5da8c0bd27488448c436c24d3ab5be, type: 3}
  m_PrefabInternal: {fileID: 0}
  m_GameObject: {fileID: 856664802}
  m_LocalRotation: {x: -0.49999997, y: -0.50000006, z: -0.50000006, w: 0.49999997}
  m_LocalPosition: {x: -0.12145992, y: 0.6221842, z: -0.22807312}
  m_LocalScale: {x: 1, y: 1, z: 1}
  m_Children: []
  m_Father: {fileID: 1589542641}
  m_RootOrder: 2
--- !u!23 &856664804
MeshRenderer:
  m_ObjectHideFlags: 0
  m_PrefabParentObject: {fileID: 2300006, guid: 7c5da8c0bd27488448c436c24d3ab5be,
    type: 3}
  m_PrefabInternal: {fileID: 0}
  m_GameObject: {fileID: 856664802}
  m_Enabled: 1
  m_CastShadows: 1
  m_ReceiveShadows: 1
  m_Materials:
  - {fileID: 2100000, guid: 39965d5a89b69d64bb828cbd1a4cf1d7, type: 2}
  m_SubsetIndices: 
  m_StaticBatchRoot: {fileID: 0}
  m_UseLightProbes: 1
  m_ReflectionProbeUsage: 1
  m_ProbeAnchor: {fileID: 0}
  m_ScaleInLightmap: 1
  m_PreserveUVs: 0
  m_IgnoreNormalsForChartDetection: 0
  m_ImportantGI: 0
  m_MinimumChartSize: 4
  m_AutoUVMaxDistance: 0.5
  m_AutoUVMaxAngle: 89
  m_LightmapParameters: {fileID: 0}
  m_SortingLayerID: 0
  m_SortingOrder: 0
--- !u!33 &856664805
MeshFilter:
  m_ObjectHideFlags: 0
  m_PrefabParentObject: {fileID: 3300006, guid: 7c5da8c0bd27488448c436c24d3ab5be,
    type: 3}
  m_PrefabInternal: {fileID: 0}
  m_GameObject: {fileID: 856664802}
  m_Mesh: {fileID: 4300000, guid: 7c5da8c0bd27488448c436c24d3ab5be, type: 3}
--- !u!1 &950601493
GameObject:
  m_ObjectHideFlags: 0
  m_PrefabParentObject: {fileID: 0}
  m_PrefabInternal: {fileID: 0}
  serializedVersion: 4
  m_Component:
  - 4: {fileID: 950601496}
  - 218: {fileID: 950601495}
  - 154: {fileID: 950601494}
  m_Layer: 0
  m_Name: Terrain
  m_TagString: Untagged
  m_Icon: {fileID: 0}
  m_NavMeshLayer: 0
  m_StaticEditorFlags: 4294967295
  m_IsActive: 1
--- !u!154 &950601494
TerrainCollider:
  m_ObjectHideFlags: 0
  m_PrefabParentObject: {fileID: 0}
  m_PrefabInternal: {fileID: 0}
  m_GameObject: {fileID: 950601493}
  m_Material: {fileID: 0}
  m_Enabled: 1
  m_TerrainData: {fileID: 15600000, guid: b735bd6be1d15154fb2897f13c8b1ace, type: 2}
  m_EnableTreeColliders: 1
--- !u!218 &950601495
Terrain:
  m_ObjectHideFlags: 0
  m_PrefabParentObject: {fileID: 0}
  m_PrefabInternal: {fileID: 0}
  m_GameObject: {fileID: 950601493}
  m_Enabled: 1
  serializedVersion: 3
  m_TerrainData: {fileID: 15600000, guid: b735bd6be1d15154fb2897f13c8b1ace, type: 2}
  m_TreeDistance: 5000
  m_TreeBillboardDistance: 50
  m_TreeCrossFadeLength: 5
  m_TreeMaximumFullLODCount: 50
  m_DetailObjectDistance: 80
  m_DetailObjectDensity: 1
  m_HeightmapPixelError: 5
  m_SplatMapDistance: 1000
  m_HeightmapMaximumLOD: 0
  m_CastShadows: 1
  m_DrawHeightmap: 1
  m_DrawTreesAndFoliage: 1
  m_ReflectionProbeUsage: 1
  m_MaterialType: 0
  m_LegacySpecular:
    serializedVersion: 2
    rgba: 4286545791
  m_LegacyShininess: 0.078125
  m_MaterialTemplate: {fileID: 0}
  m_BakeLightProbesForTrees: 1
  m_ScaleInLightmap: 0.0512
  m_LightmapParameters: {fileID: 15203, guid: 0000000000000000f000000000000000, type: 0}
--- !u!4 &950601496
Transform:
  m_ObjectHideFlags: 0
  m_PrefabParentObject: {fileID: 0}
  m_PrefabInternal: {fileID: 0}
  m_GameObject: {fileID: 950601493}
  m_LocalRotation: {x: 0, y: 0, z: 0, w: 1}
  m_LocalPosition: {x: 0, y: 0, z: 0}
  m_LocalScale: {x: 1, y: 1, z: 1}
  m_Children: []
  m_Father: {fileID: 0}
  m_RootOrder: 2
--- !u!1 &1163809476
GameObject:
  m_ObjectHideFlags: 0
  m_PrefabParentObject: {fileID: 0}
  m_PrefabInternal: {fileID: 0}
  serializedVersion: 4
  m_Component:
  - 4: {fileID: 1163809478}
  - 108: {fileID: 1163809477}
  m_Layer: 0
  m_Name: Directional Light
  m_TagString: Untagged
  m_Icon: {fileID: 0}
  m_NavMeshLayer: 0
  m_StaticEditorFlags: 0
  m_IsActive: 1
--- !u!108 &1163809477
Light:
  m_ObjectHideFlags: 0
  m_PrefabParentObject: {fileID: 0}
  m_PrefabInternal: {fileID: 0}
  m_GameObject: {fileID: 1163809476}
  m_Enabled: 1
  serializedVersion: 6
  m_Type: 1
  m_Color: {r: 1, g: 0.95686275, b: 0.8392157, a: 1}
  m_Intensity: 0.83
  m_Range: 10
  m_SpotAngle: 30
  m_CookieSize: 10
  m_Shadows:
    m_Type: 2
    m_Resolution: -1
    m_Strength: 0.909
    m_Bias: 0.05
    m_NormalBias: 0.4
    m_NearPlane: 0.2
  m_Cookie: {fileID: 0}
  m_DrawHalo: 0
  m_Flare: {fileID: 0}
  m_RenderMode: 0
  m_CullingMask:
    serializedVersion: 2
    m_Bits: 4294967295
  m_Lightmapping: 4
  m_BounceIntensity: 1
  m_ShadowRadius: 0
  m_ShadowAngle: 0
  m_AreaSize: {x: 1, y: 1}
--- !u!4 &1163809478
Transform:
  m_ObjectHideFlags: 0
  m_PrefabParentObject: {fileID: 0}
  m_PrefabInternal: {fileID: 0}
  m_GameObject: {fileID: 1163809476}
  m_LocalRotation: {x: 0.40821794, y: -0.23456973, z: 0.109381676, w: 0.87542605}
  m_LocalPosition: {x: -0.299, y: 3, z: -1.235}
  m_LocalScale: {x: 1, y: 1, z: 1}
  m_Children: []
  m_Father: {fileID: 0}
  m_RootOrder: 0
--- !u!1001 &1212876724
Prefab:
  m_ObjectHideFlags: 0
  serializedVersion: 2
  m_Modification:
    m_TransformParent: {fileID: 0}
    m_Modifications:
    - target: {fileID: 495290, guid: 02c07a2b98bba66408cbd50ccf33275a, type: 2}
      propertyPath: m_LocalPosition.x
      value: 280
      objectReference: {fileID: 0}
    - target: {fileID: 495290, guid: 02c07a2b98bba66408cbd50ccf33275a, type: 2}
      propertyPath: m_LocalPosition.y
      value: 0
      objectReference: {fileID: 0}
    - target: {fileID: 495290, guid: 02c07a2b98bba66408cbd50ccf33275a, type: 2}
      propertyPath: m_LocalPosition.z
      value: 160
      objectReference: {fileID: 0}
    - target: {fileID: 495290, guid: 02c07a2b98bba66408cbd50ccf33275a, type: 2}
      propertyPath: m_LocalRotation.x
      value: 0
      objectReference: {fileID: 0}
    - target: {fileID: 495290, guid: 02c07a2b98bba66408cbd50ccf33275a, type: 2}
      propertyPath: m_LocalRotation.y
      value: 0
      objectReference: {fileID: 0}
    - target: {fileID: 495290, guid: 02c07a2b98bba66408cbd50ccf33275a, type: 2}
      propertyPath: m_LocalRotation.z
      value: 0
      objectReference: {fileID: 0}
    - target: {fileID: 495290, guid: 02c07a2b98bba66408cbd50ccf33275a, type: 2}
      propertyPath: m_LocalRotation.w
      value: 1
      objectReference: {fileID: 0}
    - target: {fileID: 495290, guid: 02c07a2b98bba66408cbd50ccf33275a, type: 2}
      propertyPath: m_RootOrder
      value: 5
      objectReference: {fileID: 0}
    m_RemovedComponents: []
  m_ParentPrefab: {fileID: 100100000, guid: 02c07a2b98bba66408cbd50ccf33275a, type: 2}
  m_IsPrefabParent: 0
--- !u!1 &1230280889
GameObject:
  m_ObjectHideFlags: 0
  m_PrefabParentObject: {fileID: 100000, guid: 7c5da8c0bd27488448c436c24d3ab5be, type: 3}
  m_PrefabInternal: {fileID: 0}
  serializedVersion: 4
  m_Component:
  - 4: {fileID: 1230280892}
  - 33: {fileID: 1230280891}
  - 23: {fileID: 1230280890}
  - 114: {fileID: 1230280893}
  m_Layer: 0
  m_Name: Canon
  m_TagString: Untagged
  m_Icon: {fileID: 0}
  m_NavMeshLayer: 0
  m_StaticEditorFlags: 0
  m_IsActive: 1
--- !u!23 &1230280890
MeshRenderer:
  m_ObjectHideFlags: 0
  m_PrefabParentObject: {fileID: 2300000, guid: 7c5da8c0bd27488448c436c24d3ab5be,
    type: 3}
  m_PrefabInternal: {fileID: 0}
  m_GameObject: {fileID: 1230280889}
  m_Enabled: 1
  m_CastShadows: 1
  m_ReceiveShadows: 1
  m_Materials:
  - {fileID: 2100000, guid: 39965d5a89b69d64bb828cbd1a4cf1d7, type: 2}
  m_SubsetIndices: 
  m_StaticBatchRoot: {fileID: 0}
  m_UseLightProbes: 1
  m_ReflectionProbeUsage: 1
  m_ProbeAnchor: {fileID: 0}
  m_ScaleInLightmap: 1
  m_PreserveUVs: 0
  m_IgnoreNormalsForChartDetection: 0
  m_ImportantGI: 0
  m_MinimumChartSize: 4
  m_AutoUVMaxDistance: 0.5
  m_AutoUVMaxAngle: 89
  m_LightmapParameters: {fileID: 0}
  m_SortingLayerID: 0
  m_SortingOrder: 0
--- !u!33 &1230280891
MeshFilter:
  m_ObjectHideFlags: 0
  m_PrefabParentObject: {fileID: 3300000, guid: 7c5da8c0bd27488448c436c24d3ab5be,
    type: 3}
  m_PrefabInternal: {fileID: 0}
  m_GameObject: {fileID: 1230280889}
  m_Mesh: {fileID: 4300006, guid: 7c5da8c0bd27488448c436c24d3ab5be, type: 3}
--- !u!4 &1230280892
Transform:
  m_ObjectHideFlags: 0
  m_PrefabParentObject: {fileID: 400000, guid: 7c5da8c0bd27488448c436c24d3ab5be, type: 3}
  m_PrefabInternal: {fileID: 0}
  m_GameObject: {fileID: 1230280889}
  m_LocalRotation: {x: -0.49999997, y: -0.50000006, z: -0.50000006, w: 0.49999997}
  m_LocalPosition: {x: 0.033264164, y: 0.6402105, z: -0.051971428}
  m_LocalScale: {x: 1, y: 1, z: 1}
  m_Children:
  - {fileID: 2064519620}
  m_Father: {fileID: 1589542641}
  m_RootOrder: 3
--- !u!114 &1230280893
MonoBehaviour:
  m_ObjectHideFlags: 0
  m_PrefabParentObject: {fileID: 0}
  m_PrefabInternal: {fileID: 0}
  m_GameObject: {fileID: 1230280889}
  m_Enabled: 1
  m_EditorHideFlags: 0
  m_Script: {fileID: 11500000, guid: a851be66084ad12448b7bc1dc871b9dd, type: 3}
  m_Name: 
  m_EditorClassIdentifier: 
  rotateSpeed: 20
--- !u!1 &1305920372
GameObject:
  m_ObjectHideFlags: 0
  m_PrefabParentObject: {fileID: 0}
  m_PrefabInternal: {fileID: 0}
  serializedVersion: 4
  m_Component:
  - 224: {fileID: 1305920373}
  - 222: {fileID: 1305920375}
  - 114: {fileID: 1305920374}
  m_Layer: 5
  m_Name: Nivel
  m_TagString: HUDNivel
  m_Icon: {fileID: 0}
  m_NavMeshLayer: 0
  m_StaticEditorFlags: 0
  m_IsActive: 1
--- !u!224 &1305920373
RectTransform:
  m_ObjectHideFlags: 0
  m_PrefabParentObject: {fileID: 0}
  m_PrefabInternal: {fileID: 0}
  m_GameObject: {fileID: 1305920372}
  m_LocalRotation: {x: 0, y: 0, z: 0, w: 1}
  m_LocalPosition: {x: 0, y: 0, z: 0}
  m_LocalScale: {x: 1, y: 1, z: 1}
  m_Children:
  - {fileID: 1833457071}
  m_Father: {fileID: 74930639}
  m_RootOrder: 0
  m_AnchorMin: {x: 0, y: 1}
  m_AnchorMax: {x: 0, y: 1}
  m_AnchoredPosition: {x: 239, y: -57}
  m_SizeDelta: {x: 97, y: 61}
  m_Pivot: {x: 0.5, y: 0.5}
--- !u!114 &1305920374
MonoBehaviour:
  m_ObjectHideFlags: 0
  m_PrefabParentObject: {fileID: 0}
  m_PrefabInternal: {fileID: 0}
  m_GameObject: {fileID: 1305920372}
  m_Enabled: 1
  m_EditorHideFlags: 0
  m_Script: {fileID: 708705254, guid: f5f67c52d1564df4a8936ccd202a3bd8, type: 3}
  m_Name: 
  m_EditorClassIdentifier: 
  m_Material: {fileID: 0}
  m_Color: {r: 1, g: 1, b: 1, a: 1}
  m_RaycastTarget: 1
  m_OnCullStateChanged:
    m_PersistentCalls:
      m_Calls: []
    m_TypeName: UnityEngine.UI.MaskableGraphic+CullStateChangedEvent, UnityEngine.UI,
      Version=1.0.0.0, Culture=neutral, PublicKeyToken=null
  m_FontData:
    m_Font: {fileID: 10102, guid: 0000000000000000e000000000000000, type: 0}
    m_FontSize: 30
    m_FontStyle: 1
    m_BestFit: 0
    m_MinSize: 10
    m_MaxSize: 58
    m_Alignment: 2
    m_AlignByGeometry: 0
    m_RichText: 1
    m_HorizontalOverflow: 0
    m_VerticalOverflow: 0
    m_LineSpacing: 1
  m_Text: '00

'
--- !u!222 &1305920375
CanvasRenderer:
  m_ObjectHideFlags: 0
  m_PrefabParentObject: {fileID: 0}
  m_PrefabInternal: {fileID: 0}
  m_GameObject: {fileID: 1305920372}
--- !u!1 &1589542640
GameObject:
  m_ObjectHideFlags: 0
  m_PrefabParentObject: {fileID: 100048, guid: 7c5da8c0bd27488448c436c24d3ab5be, type: 3}
  m_PrefabInternal: {fileID: 0}
  serializedVersion: 4
  m_Component:
  - 4: {fileID: 1589542641}
  - 114: {fileID: 1589542642}
  - 65: {fileID: 1589542643}
  m_Layer: 0
  m_Name: Tiger1
  m_TagString: Untagged
  m_Icon: {fileID: 0}
  m_NavMeshLayer: 0
  m_StaticEditorFlags: 0
  m_IsActive: 1
--- !u!4 &1589542641
Transform:
  m_ObjectHideFlags: 0
  m_PrefabParentObject: {fileID: 400048, guid: 7c5da8c0bd27488448c436c24d3ab5be, type: 3}
  m_PrefabInternal: {fileID: 0}
  m_GameObject: {fileID: 1589542640}
  m_LocalRotation: {x: 0, y: 0, z: 0, w: 1}
  m_LocalPosition: {x: 280, y: 0, z: 61}
  m_LocalScale: {x: 1, y: 1, z: 1}
  m_Children:
  - {fileID: 227379072}
  - {fileID: 543765629}
  - {fileID: 856664803}
  - {fileID: 1230280892}
  - {fileID: 508661593}
  m_Father: {fileID: 0}
  m_RootOrder: 1
--- !u!114 &1589542642
MonoBehaviour:
  m_ObjectHideFlags: 0
  m_PrefabParentObject: {fileID: 0}
  m_PrefabInternal: {fileID: 0}
  m_GameObject: {fileID: 1589542640}
  m_Enabled: 1
  m_EditorHideFlags: 0
  m_Script: {fileID: 11500000, guid: ada9eaff5656a784c8ede7cf65c7897c, type: 3}
  m_Name: 
  m_EditorClassIdentifier: 
  forwardSpeed: 3
  backSpeed: 0.25
  rotateSpeed: 20
--- !u!65 &1589542643
BoxCollider:
  m_ObjectHideFlags: 0
  m_PrefabParentObject: {fileID: 0}
  m_PrefabInternal: {fileID: 0}
  m_GameObject: {fileID: 1589542640}
  m_Material: {fileID: 0}
  m_IsTrigger: 0
  m_Enabled: 1
  serializedVersion: 2
  m_Size: {x: 1.0906372, y: 0.48543036, z: 1.9867103}
  m_Center: {x: 0.030212402, y: 0.25728482, z: -0.0053100586}
--- !u!1 &1804459600
GameObject:
  m_ObjectHideFlags: 0
  m_PrefabParentObject: {fileID: 0}
  m_PrefabInternal: {fileID: 0}
  serializedVersion: 4
  m_Component:
  - 224: {fileID: 1804459601}
  - 222: {fileID: 1804459603}
  - 114: {fileID: 1804459602}
  m_Layer: 5
  m_Name: Puntos
  m_TagString: HUDPuntos
  m_Icon: {fileID: 0}
  m_NavMeshLayer: 0
  m_StaticEditorFlags: 0
  m_IsActive: 1
--- !u!224 &1804459601
RectTransform:
  m_ObjectHideFlags: 0
  m_PrefabParentObject: {fileID: 0}
  m_PrefabInternal: {fileID: 0}
  m_GameObject: {fileID: 1804459600}
  m_LocalRotation: {x: 0, y: 0, z: 0, w: 1}
  m_LocalPosition: {x: 0, y: 0, z: 0}
  m_LocalScale: {x: 1, y: 1, z: 1}
  m_Children:
  - {fileID: 2120433266}
  m_Father: {fileID: 74930639}
  m_RootOrder: 2
  m_AnchorMin: {x: 0, y: 1}
  m_AnchorMax: {x: 0, y: 1}
  m_AnchoredPosition: {x: 239, y: -117.00002}
  m_SizeDelta: {x: 97, y: 61}
  m_Pivot: {x: 0.5, y: 0.5}
--- !u!114 &1804459602
MonoBehaviour:
  m_ObjectHideFlags: 0
  m_PrefabParentObject: {fileID: 0}
  m_PrefabInternal: {fileID: 0}
  m_GameObject: {fileID: 1804459600}
  m_Enabled: 1
  m_EditorHideFlags: 0
  m_Script: {fileID: 708705254, guid: f5f67c52d1564df4a8936ccd202a3bd8, type: 3}
  m_Name: 
  m_EditorClassIdentifier: 
  m_Material: {fileID: 0}
  m_Color: {r: 1, g: 1, b: 1, a: 1}
  m_RaycastTarget: 1
  m_OnCullStateChanged:
    m_PersistentCalls:
      m_Calls: []
    m_TypeName: UnityEngine.UI.MaskableGraphic+CullStateChangedEvent, UnityEngine.UI,
      Version=1.0.0.0, Culture=neutral, PublicKeyToken=null
  m_FontData:
    m_Font: {fileID: 10102, guid: 0000000000000000e000000000000000, type: 0}
    m_FontSize: 30
    m_FontStyle: 1
    m_BestFit: 0
    m_MinSize: 10
    m_MaxSize: 58
    m_Alignment: 2
    m_AlignByGeometry: 0
    m_RichText: 1
    m_HorizontalOverflow: 0
    m_VerticalOverflow: 0
    m_LineSpacing: 1
  m_Text: '00

'
--- !u!222 &1804459603
CanvasRenderer:
  m_ObjectHideFlags: 0
  m_PrefabParentObject: {fileID: 0}
  m_PrefabInternal: {fileID: 0}
  m_GameObject: {fileID: 1804459600}
--- !u!1 &1833457070
GameObject:
  m_ObjectHideFlags: 0
  m_PrefabParentObject: {fileID: 0}
  m_PrefabInternal: {fileID: 0}
  serializedVersion: 4
  m_Component:
  - 224: {fileID: 1833457071}
  - 222: {fileID: 1833457073}
  - 114: {fileID: 1833457072}
  m_Layer: 5
  m_Name: Label_Nivel
  m_TagString: Untagged
  m_Icon: {fileID: 0}
  m_NavMeshLayer: 0
  m_StaticEditorFlags: 0
  m_IsActive: 1
--- !u!224 &1833457071
RectTransform:
  m_ObjectHideFlags: 0
  m_PrefabParentObject: {fileID: 0}
  m_PrefabInternal: {fileID: 0}
  m_GameObject: {fileID: 1833457070}
  m_LocalRotation: {x: 0, y: 0, z: 0, w: 1}
  m_LocalPosition: {x: 0, y: 0, z: 0}
  m_LocalScale: {x: 1, y: 1, z: 1}
  m_Children: []
  m_Father: {fileID: 1305920373}
  m_RootOrder: 0
  m_AnchorMin: {x: 0.5, y: 0.5}
  m_AnchorMax: {x: 0.5, y: 0.5}
  m_AnchoredPosition: {x: -42.00003, y: -0.24993896}
  m_SizeDelta: {x: 194, y: 60.5}
  m_Pivot: {x: 0.5, y: 0.5}
--- !u!114 &1833457072
MonoBehaviour:
  m_ObjectHideFlags: 0
  m_PrefabParentObject: {fileID: 0}
  m_PrefabInternal: {fileID: 0}
  m_GameObject: {fileID: 1833457070}
  m_Enabled: 1
  m_EditorHideFlags: 0
  m_Script: {fileID: 708705254, guid: f5f67c52d1564df4a8936ccd202a3bd8, type: 3}
  m_Name: 
  m_EditorClassIdentifier: 
  m_Material: {fileID: 0}
  m_Color: {r: 1, g: 0, b: 0, a: 1}
  m_RaycastTarget: 1
  m_OnCullStateChanged:
    m_PersistentCalls:
      m_Calls: []
    m_TypeName: UnityEngine.UI.MaskableGraphic+CullStateChangedEvent, UnityEngine.UI,
      Version=1.0.0.0, Culture=neutral, PublicKeyToken=null
  m_FontData:
    m_Font: {fileID: 10102, guid: 0000000000000000e000000000000000, type: 0}
    m_FontSize: 30
    m_FontStyle: 0
    m_BestFit: 0
    m_MinSize: 10
    m_MaxSize: 44
    m_Alignment: 0
    m_AlignByGeometry: 0
    m_RichText: 1
    m_HorizontalOverflow: 0
    m_VerticalOverflow: 0
    m_LineSpacing: 1
  m_Text: Nivel
--- !u!222 &1833457073
CanvasRenderer:
  m_ObjectHideFlags: 0
  m_PrefabParentObject: {fileID: 0}
  m_PrefabInternal: {fileID: 0}
  m_GameObject: {fileID: 1833457070}
--- !u!1 &1855894279
GameObject:
  m_ObjectHideFlags: 0
  m_PrefabParentObject: {fileID: 0}
  m_PrefabInternal: {fileID: 0}
  serializedVersion: 4
  m_Component:
  - 224: {fileID: 1855894280}
  - 222: {fileID: 1855894282}
  - 114: {fileID: 1855894281}
  m_Layer: 5
  m_Name: Dianas
  m_TagString: HUDDianas
  m_Icon: {fileID: 0}
  m_NavMeshLayer: 0
  m_StaticEditorFlags: 0
  m_IsActive: 1
--- !u!224 &1855894280
RectTransform:
  m_ObjectHideFlags: 0
  m_PrefabParentObject: {fileID: 0}
  m_PrefabInternal: {fileID: 0}
  m_GameObject: {fileID: 1855894279}
  m_LocalRotation: {x: 0, y: 0, z: 0, w: 1}
  m_LocalPosition: {x: 0, y: 0, z: 0}
  m_LocalScale: {x: 1, y: 1, z: 1}
  m_Children:
  - {fileID: 155855934}
  m_Father: {fileID: 74930639}
  m_RootOrder: 1
  m_AnchorMin: {x: 0, y: 1}
  m_AnchorMax: {x: 0, y: 1}
  m_AnchoredPosition: {x: 239, y: -87}
  m_SizeDelta: {x: 97, y: 61}
  m_Pivot: {x: 0.5, y: 0.5}
--- !u!114 &1855894281
MonoBehaviour:
  m_ObjectHideFlags: 0
  m_PrefabParentObject: {fileID: 0}
  m_PrefabInternal: {fileID: 0}
  m_GameObject: {fileID: 1855894279}
  m_Enabled: 1
  m_EditorHideFlags: 0
  m_Script: {fileID: 708705254, guid: f5f67c52d1564df4a8936ccd202a3bd8, type: 3}
  m_Name: 
  m_EditorClassIdentifier: 
  m_Material: {fileID: 0}
  m_Color: {r: 1, g: 1, b: 1, a: 1}
  m_RaycastTarget: 1
  m_OnCullStateChanged:
    m_PersistentCalls:
      m_Calls: []
    m_TypeName: UnityEngine.UI.MaskableGraphic+CullStateChangedEvent, UnityEngine.UI,
      Version=1.0.0.0, Culture=neutral, PublicKeyToken=null
  m_FontData:
    m_Font: {fileID: 10102, guid: 0000000000000000e000000000000000, type: 0}
    m_FontSize: 30
    m_FontStyle: 1
    m_BestFit: 0
    m_MinSize: 10
    m_MaxSize: 58
    m_Alignment: 2
    m_AlignByGeometry: 0
    m_RichText: 1
    m_HorizontalOverflow: 0
    m_VerticalOverflow: 0
    m_LineSpacing: 1
  m_Text: '00

'
--- !u!222 &1855894282
CanvasRenderer:
  m_ObjectHideFlags: 0
  m_PrefabParentObject: {fileID: 0}
  m_PrefabInternal: {fileID: 0}
  m_GameObject: {fileID: 1855894279}
--- !u!1 &2064519619
GameObject:
  m_ObjectHideFlags: 0
  m_PrefabParentObject: {fileID: 0}
  m_PrefabInternal: {fileID: 0}
  serializedVersion: 4
  m_Component:
  - 4: {fileID: 2064519620}
  - 114: {fileID: 2064519621}
  m_Layer: 0
  m_Name: Shooter
  m_TagString: Untagged
  m_Icon: {fileID: 0}
  m_NavMeshLayer: 0
  m_StaticEditorFlags: 0
  m_IsActive: 1
--- !u!4 &2064519620
Transform:
  m_ObjectHideFlags: 0
  m_PrefabParentObject: {fileID: 0}
  m_PrefabInternal: {fileID: 0}
  m_GameObject: {fileID: 2064519619}
  m_LocalRotation: {x: 0.49999985, y: 0.5000002, z: 0.5000003, w: -0.4999998}
  m_LocalPosition: {x: 1.732, y: 0.021, z: -0.043}
  m_LocalScale: {x: 1, y: 1, z: 1}
  m_Children: []
  m_Father: {fileID: 1230280892}
  m_RootOrder: 0
--- !u!114 &2064519621
MonoBehaviour:
  m_ObjectHideFlags: 0
  m_PrefabParentObject: {fileID: 0}
  m_PrefabInternal: {fileID: 0}
  m_GameObject: {fileID: 2064519619}
  m_Enabled: 1
  m_EditorHideFlags: 0
  m_Script: {fileID: 11500000, guid: 36ad6622166692c49a9cc6b1dc9f4dd7, type: 3}
  m_Name: 
  m_EditorClassIdentifier: 
  shootSpeed: 1000
  proyectile: {fileID: 5424654, guid: 62d455272367aaf49bbc4525842a203d, type: 2}
--- !u!1 &2097146538
GameObject:
  m_ObjectHideFlags: 0
  m_PrefabParentObject: {fileID: 0}
  m_PrefabInternal: {fileID: 0}
  serializedVersion: 4
  m_Component:
  - 4: {fileID: 2097146541}
  - 114: {fileID: 2097146540}
  - 114: {fileID: 2097146539}
  m_Layer: 0
  m_Name: EventSystem
  m_TagString: Untagged
  m_Icon: {fileID: 0}
  m_NavMeshLayer: 0
  m_StaticEditorFlags: 0
  m_IsActive: 1
--- !u!114 &2097146539
MonoBehaviour:
  m_ObjectHideFlags: 0
  m_PrefabParentObject: {fileID: 0}
  m_PrefabInternal: {fileID: 0}
  m_GameObject: {fileID: 2097146538}
  m_Enabled: 1
  m_EditorHideFlags: 0
  m_Script: {fileID: 1077351063, guid: f5f67c52d1564df4a8936ccd202a3bd8, type: 3}
  m_Name: 
  m_EditorClassIdentifier: 
  m_HorizontalAxis: Horizontal
  m_VerticalAxis: Vertical
  m_SubmitButton: Submit
  m_CancelButton: Cancel
  m_InputActionsPerSecond: 10
  m_RepeatDelay: 0.5
  m_ForceModuleActive: 0
--- !u!114 &2097146540
MonoBehaviour:
  m_ObjectHideFlags: 0
  m_PrefabParentObject: {fileID: 0}
  m_PrefabInternal: {fileID: 0}
  m_GameObject: {fileID: 2097146538}
  m_Enabled: 1
  m_EditorHideFlags: 0
  m_Script: {fileID: -619905303, guid: f5f67c52d1564df4a8936ccd202a3bd8, type: 3}
  m_Name: 
  m_EditorClassIdentifier: 
  m_FirstSelected: {fileID: 0}
  m_sendNavigationEvents: 1
  m_DragThreshold: 5
--- !u!4 &2097146541
Transform:
  m_ObjectHideFlags: 0
  m_PrefabParentObject: {fileID: 0}
  m_PrefabInternal: {fileID: 0}
  m_GameObject: {fileID: 2097146538}
  m_LocalRotation: {x: 0, y: 0, z: 0, w: 1}
  m_LocalPosition: {x: 0, y: 0, z: 0}
  m_LocalScale: {x: 1, y: 1, z: 1}
  m_Children: []
  m_Father: {fileID: 0}
  m_RootOrder: 4
--- !u!1 &2120433265
GameObject:
  m_ObjectHideFlags: 0
  m_PrefabParentObject: {fileID: 0}
  m_PrefabInternal: {fileID: 0}
  serializedVersion: 4
  m_Component:
  - 224: {fileID: 2120433266}
  - 222: {fileID: 2120433268}
  - 114: {fileID: 2120433267}
  m_Layer: 5
  m_Name: Label_Puntos
  m_TagString: Untagged
  m_Icon: {fileID: 0}
  m_NavMeshLayer: 0
  m_StaticEditorFlags: 0
  m_IsActive: 1
--- !u!224 &2120433266
RectTransform:
  m_ObjectHideFlags: 0
  m_PrefabParentObject: {fileID: 0}
  m_PrefabInternal: {fileID: 0}
  m_GameObject: {fileID: 2120433265}
  m_LocalRotation: {x: 0, y: 0, z: 0, w: 1}
  m_LocalPosition: {x: 0, y: 0, z: 0}
  m_LocalScale: {x: 1, y: 1, z: 1}
  m_Children: []
  m_Father: {fileID: 1804459601}
  m_RootOrder: 0
  m_AnchorMin: {x: 0.5, y: 0.5}
  m_AnchorMax: {x: 0.5, y: 0.5}
  m_AnchoredPosition: {x: -42.00003, y: -0.2499237}
  m_SizeDelta: {x: 194, y: 60.5}
  m_Pivot: {x: 0.5, y: 0.5}
--- !u!114 &2120433267
MonoBehaviour:
  m_ObjectHideFlags: 0
  m_PrefabParentObject: {fileID: 0}
  m_PrefabInternal: {fileID: 0}
  m_GameObject: {fileID: 2120433265}
  m_Enabled: 1
  m_EditorHideFlags: 0
  m_Script: {fileID: 708705254, guid: f5f67c52d1564df4a8936ccd202a3bd8, type: 3}
  m_Name: 
  m_EditorClassIdentifier: 
  m_Material: {fileID: 0}
  m_Color: {r: 1, g: 0, b: 0, a: 1}
  m_RaycastTarget: 1
  m_OnCullStateChanged:
    m_PersistentCalls:
      m_Calls: []
    m_TypeName: UnityEngine.UI.MaskableGraphic+CullStateChangedEvent, UnityEngine.UI,
      Version=1.0.0.0, Culture=neutral, PublicKeyToken=null
  m_FontData:
    m_Font: {fileID: 10102, guid: 0000000000000000e000000000000000, type: 0}
    m_FontSize: 30
    m_FontStyle: 0
    m_BestFit: 0
    m_MinSize: 10
    m_MaxSize: 44
    m_Alignment: 0
    m_AlignByGeometry: 0
    m_RichText: 1
    m_HorizontalOverflow: 0
    m_VerticalOverflow: 0
    m_LineSpacing: 1
  m_Text: 'Puntos

'
--- !u!222 &2120433268
CanvasRenderer:
  m_ObjectHideFlags: 0
  m_PrefabParentObject: {fileID: 0}
  m_PrefabInternal: {fileID: 0}
  m_GameObject: {fileID: 2120433265}
